@inproceedings{KAK:GPCE09,
	author = {Christian K\"astner and Sven Apel and Martin Kuhlemann},
	title = {{A Model of Refactoring Physically and Virtually Separated Features}},
	booktitle = GPCE,
  pages = {157--166},
	location = {Denver, CO, USA},
	publisher = {ACM},
	month = OCT,
	year = 2009
}

@misc{Coq:website,
  author = {Coq Development Team, The},
  title = {{The Coq Proof Assistant}},
	howpublished = {Website},
	note = {Available online at
          \url{http://coq.inria.fr/};
          visited on November 9th, 2009.},
	day = 19,
	month = SEP,
	year = 2009
}

@mastersthesis{R:MT09,
  author = {Malte Rosenthal},
  title = {{Alternative Features in Colored Featherweight Java}},
  school = {University of Passau},
  type = {Diplomarbeit},
  address = {Germany},
  month = JUL,
  year = 2009
}

@article{KG:SME06,
	author = {Cory J. Kapser and Michael W. Godfrey},
	title = {{Supporting the Analysis of Clones in Software Systems: A Case Study}},
	journal = SME,
	pages = {61--82},
	volume = {18},
	number = {2},
	address = {New York, NY, USA},
	publisher = {John Wiley \& Sons, Inc.},
	year = 2006
}

@phdthesis{B:PHD03,
    author = {Danilo Beuche},
    title = {{Composition and Construction of Embedded Software Families}},
    school = {University of Magdeburg},
    address = {Germany},
    year = 2003
}

@book{CE:BOOK00,
	author = {Krzysztof Czarnecki and Ulrich W. Eisenecker},
	title = {{Generative Programming: Methods, Tools, and Applications}},
	publisher = {ACM Press/Addison-Wesley},
	year = 2000
}

@techreport{KCHNP:TR90,
  author = {Kyo C. Kang and Sholom G. Cohen and James A. Hess and William E. Novak and A. Spencer Peterson},
  title = {{Feature-Oriented Domain Analysis (FODA) Feasibility Study}},
  institution = {Software Engineering Institute},
  number = {CMU/SEI-90-TR-21},
  year = 1990
}
